@String{aap = {Astron. Astrophys.}}
@String{actamath = {Acta Math.}}
@String{actazool = {Acta Zool.}}
@String{advapplprob = {Adv. Appl. Prob.}}
@String{advmath = {Adv. Math.}}
@String{aiaaj = {AIAA J.}}
@String{amjphys = {Am. J. Phys.}}
@String{asr = {Adv. Space Res.}}
@String{alggeomtopo = {Algeb. Geom. Topology}}
@String{aichej = {Am. Inst. Chem. Eng. J.}}
@String{ainstfourier = {Ann. Inst. Fourier}}
@String{aj = {Astronomical Journal}}
@String{amjphys = {American Journal of Physics}}
@String{amstransl = {Am. Math. Soc. Transl.}}
@String{analchem = {Anal. Chem.}}
@String{arkmatastfys = {Ark. Mat. Astr. Fys.}}
@String{annmath = {Ann. Math.}}
@String{annprob = {Ann. Prob.}}
@String{annrevflmech = {Annu. Rev. Fluid Mech.}}
@String{anyas = {Ann. N. Y. Acad. Sci.}}
@String{aop = {Ann. of Phys.}}
@String{apj = {Astrophys. J.}}
@String{apmathcomp = {Appl. Math. Comp.}}
@String{applmathlett = {Appl. Math. Lett.}}
@String{applphyslett = {Appl. Phys. Lett.}}
@String{applscires = {Appl. Sci. Res.}}
@String{applsciresa = {Appl. Sci. Res. A}}
@String{arma = {Arch. Rational Mech. Anal.}}
@String{ausjscires = {Australian Journal of Scientific Research}}
@String{automremotecontrol = {Autom. Remote Control}}
@String{biophysj = {Biophys. J.}}
@String{bullammathsoc = {Bull. Am. Math. Soc.}}
@String{canjchemeng = {Can. J. Chem. Eng.}}
@String{canjmath = {Can. J. Math.}}
@String{cellmotilcytoskel = {Cell Motil. Cytoskel.}}
@String{chaos = {Chaos}}
@String{chaosolfrac = {Chaos Solitons Fractals}}
@String{chemengj = {Chem. Eng. J.}}
@String{chenengresdes= {Chem. Eng. Res. Design}}
@String{chemengsci = {Chem. Eng. Sci.}}
@String{chinannmath = {Chin. Ann. Math., Ser. {B}}}
@String{commentmathhelv = {Comment. Math. Helv.}}
@String{commmathphys = {Comm. Math. Phys.}}
@String{commpartialdiffeq = {Comm. Partial Differential Equations}}
@String{commpureapplmath = {Comm. Pure Appl. Math.}}
@String{compphyscomm = {Comp. Phys. Comm.}}
@String{computthermsci = {Comput. Therm. Sci.}}
@String{contmath = {Contemp. Math.}}
@String{cppcf = {Comments Plasma Phys. Controlled Fusion}}
@String{cracadsciamath = {C. R. Acad. Sci. A. Math.}}
@String{cracadsciparis = {C. R. Acad. Sci. Paris}}
@String{cracadsciserI = {C. R. Acad. Sci. S\'{e}r. {I}}}
@String{discrapplmath = {Discr. Applied Math.}}
@String{discrcontdynsys = {Discr. Cont. Dyn. Sys.}}
@String{dokmat = {Doklady Mat. Nauk.}}
@String{dsr = {Deep-Sea Res.}}
@String{dukemathj = {Duke Math. J.}}
@String{dynsys = {Dynam. Sys.}}
@String{earthplanscilett = {Earth Planet. Sc. Lett.}}
@String{enseignmath = {Enseign. Math.}}
@String{ergodthdynamsys = {Ergod. Th. Dynam. Sys.}}
@String{eurojmechb = {Eur. J. Mech. B/Fluids}}
@String{europhysjb = {Eur. Phys. J. B}}
@String{europhyslett = {Europhys. Lett.}}
@String{expfluids = {Exp. Fluids}}
@String{experimentmath = {Experiment. Math.}}
@String{faa = {Func. Anal. Appl.}}
@String{fluiddynres = {Fluid Dyn. Res.}}
@String{fractals = {Fractals}}
@String{gafd = {Geophys. Astrophys. Fluid Dyn.}}
@String{geofypub = {Geofys. Pub.}}
@String{geomtopo = {Geom. Topol.}}
@String{gfd = {Geophys. Fluid Dyn.}}
@String{geophysreslett = {Geophys. Res. Lett.}}
@String{ICPPproc = {ICPP Proc. (Lausanne)}}
@String{ieeetransautomatcontrol = {{IEEE} Trans. Automat. Control}}
@String{ieeetranscontrolsystems = {{IEEE} Trans. Control Sys. Tech.}}
@String{IMAappmath = {IMA J. Appl. Math.}}
@String{indengchem = {Ind. Eng. Chem.}}
@String{indengchemres = {Ind. Eng. Chem. Res.}}
@String{indumathj = {Indiana Univ. Math. J.}}
@String{ijbifc = {Int. J. Bifurc. Chaos}}
@String{intjengngsci = {Int. J. Engng Sci.}}
@String{intjheatfluidflow = {Int. J. Heat Fluid Flow}}
@String{intjheatmasstransfer = {Int. J. Heat Mass Transfer}}
@String{inventmath = {Invent. Math.}}
@String{israeljmath = {Israel J. Math.}}
@String{jacoustsocam = {J. Acoust. Soc. Am.}}
@String{jalgo = {J. Algorithm}}
@String{jamm = {J. Appl. Math. Mech.}}
@String{jamp = {J. Appl. Math. Phys. (ZAMP)}}
@String{jammathsoc = {J. Amer. Math. Soc.}}
@String{jappprob = {J. Appl. Prob.}}
@String{jas = {J. Atmos. Sci.}}
@String{jcellbiol = {J. Cell Biol.}}
@String{jcellsci = {J. Cell Sci.}}
@String{jchemphys = {J. Chem. Phys.}}
@String{jcompphys = {J. Comp. Phys.}}
@String{jdem = {Journal de M\'ecanique}}
@String{jdiffeq = {J. Diff. Eqns.}}
@String{jdiffgeo = {Journal of Differential Geometry}}
@String{jem = {J. Eng. Math.}}
@String{jetplett = {{JETP} Lett.}}
@String{jexpbio = {J. Exp. Biol.}}
@String{jfm = {J. Fluid Mech.}}
@String{jfluideng = {J. Fluids Eng.}}
@String{jfoodsci = {J. Food Sci.}}
@String{jgr = {J. Geophys. Res.}}
@String{jgrsp = {J. Geophys. Res. --- Space Phys.}}
@String{jknotthramifications = {J. Knot Th. Ramifications}}
@String{jmaa = {J. Math. Anal. Appl.}}
@String{jmarres = {J. Mar. Res.}}
@String{jmp = {J. Math. Phys.}}
@String{jnlinsci = {J. Nonlinear Sci.}}
@String{jnnewtfm = {J. Non-Newtonian Fluid Mech.}}
@String{jpa = {J. Phys. A}}
@String{jpharmsci = {J. Pharm. Sci.}}
@String{jpo = {J. Phys. Ocean.}}
@String{jpp = {J. Plasma Physics}}
@String{jpolysci = {J. Polym. Sci.}}
@String{jpsJapan = {J. Phys. Soc. Japan}}
@String{jrsocinterface = {J. Roy. Soc. Interface}}
@String{jpureapplalg = {J. Pure Appl. Alg.}}
@String{jscicomp = {J. Sci. Comp.}}
@String{jstatphys = {J. Stat. Phys.}}
%@String{macromolrev = {J. Polym. Sci. Part D: Macromol. Rev.}}
@String{linearalgebraappl = {Linear Algebra Appl.}}
@String{lettmathphys = {Lett. Math. Phys.}}
@String{macromolrev = {Macromol. Rev.}}
@String{marecolprogser = {Mar. Ecol. Prog. Ser.}}
@String{mathcomp = {Math. Comp.}}
@String{mathintel = {Math. Intelligencer}}
@String{mathscand = {Math. Scand.}}
@String{methodsapplanal = {Methods Appl. Anal.}}
@String{modphyslettb = {Mod. Phys. Lett. B}}
@String{nature = {Nature}}
@String{newjphys = {New J. Phys.}}
@String{nonlinearity = {Nonlinearity}}
@String{noticesams = {NAMS}}
@String{nucfus = {Nuclear Fusion}}
@String{pacificjmath = {Pacific J. Math.}}
@String{pf = {Phys. Fluids}}
@String{pfa = {Phys. Fluids A}}
@String{pfb = {Phys. Fluids B}}
@String{phrep = {Physics Reports}}
@String{physchemearthb = {Phys. Chem. Earth B}}
@String{physicaa = {Physica A}}
@String{physicab = {Physica B}}
@String{physicad = {Physica D}}
@String{phystoday = {Phys. Today}}
@String{pla = {Phys. Lett. A}}
@String{plb = {Phys. Lett. B}}
@String{polymengsci = {Polym. Eng. Sci.}}
@String{pp = {Phys. Plasmas}}
@String{ppcf = {Plasma Phys. Controlled Fusion}}
@String{pprep = {Plasma Phys. Rep.}}
@String{pr = {Phys. Rev.}}
@String{pra = {Phys. Rev. A}}
@String{prd = {Phys. Rev. D}}
@String{pre = {Phys. Rev. E}}
@String{prl = {Phys. Rev. Lett.}}
@String{prnasUSA = {Proc. Natl. Acad. Sci. USA}}
@String{pramermathsoc = {Proc. Amer. Math. Soc.}}
@String{proccamphilsoc = {Proc. Cambridge Phil. Soc.}}
@String{proclondonmathsoc = {Proc. London Math. Soc.}}
@String{jlondonmathsoc2 = {J. London Math. Soc. (2)}}
@String{progthph = {Prog. Theoret. Phys.}}
@String{progthphsupp = {Prog. Theoret. Phys. (Supplement)}}
@String{prrslA = {Proc. R. Soc. Lond. A}}
@String{prrslB = {Proc. R. Soc. Lond. B}}
@String{psam = {Proc. Symp. Appl. Math.}}
@String{ptrsl = {Phil. Trans. R. Soc. Lond.}}
@String{ptrsla = {Phil. Trans. R. Soc. Lond. A}}
@String{ptrslb = {Phil. Trans. R. Soc. Lond. B}}
@String{publmathorsay = {Publ. Math. Orsay}}
@String{repmathp = {Rep. Math. Phys.}}
@String{repprogphys = {Rep. Prog. Phys.}}
@String{rmp = {Rev. Mod. Phys.}}
@String{rms = {Russian Math. Surveys}}
@String{sam = {Studies in Appl. Math.}}
@String{science = {Science}}
@String{siamjads = {SIAM J. Appl. Dyn. Sys.}}
@String{siamjam = {SIAM J. Appl. Math.}}
@String{siamjcontroloptim = {SIAM J. Control Optim.}}
@String{siamjmathanal = {SIAM J. Math. Anal.}}
@String{siamjna = {SIAM J. Numer. Anal.}}
@String{siamjscicomp = {SIAM J. Sci. Comp.}}
@String{siamrev = {SIAM Rev.}}
@String{softmatter = {Soft Matter}}
@String{sovphysjetp = {Sov. Phys. {JETP}}}
@String{sovphysusp = {Sov. Phys. Usp.}}
@String{sympmath = {Symp. Math.}}
@String{tellus = {Tellus}}
@String{topology = {Topology}}
@String{topologyappl = {Topology Appl.}}
@String{trams = {Trans. Amer. Math. Soc.}}
@String{trmms = {Trans. Moscow Math. Soc.}}
@String{uspmatnauk = {Usp. Mat. Nauk.}}
@String{znatur = {Z. Naturforsch}}
@String{zphys = {Z. Phys.}}
@String{zphysb = {Z. Phys. B}}

@Article{Bangert2002,
  author = 	 {P. D. Bangert and M. A. Berger and R. Prandi},
  title = 	 {In search of minimal random braid configurations},
  journal = 	 jpa,
  year = 	 2002,
  volume = 	 35,
  number = 	 1,
  pages = 	 {43-59},
  month = 	 jan,
  doi = 	 {10.1088/0305-4470/35/1/304}
}

@Article{Bestvina1995,
  author = 	 {M. Bestvina and M. Handel},
  title = 	 {Train-Tracks for Surface Homeomorphisms},
  journal = 	 topology,
  year = 	 1995,
  volume =	 34,
  number =	 1,
  pages =	 {109-140}
}

@Book{Birman1975,
  author =	 {J. S. Birman},
  title = 	 {Braids, Links, and Mapping Class Groups},
  publisher = 	 {Princeton University Press},
  year = 	 1975,
  series =	 {Annals of Mathematics Studies},
  number = 	 82,
  address =	 {Princeton, NJ}
}

@Article{Boyland1994,
  author = 	 {P. L. Boyland},
  title = 	 {Topological methods in surface dynamics},
  journal = 	 topologyappl,
  year = 	 1994,
  volume =	 58,
  pages =	 {223-298}
}

@Article{Burau1936,
  author = 	 {W. Burau},
  title = 	 {\"{U}ber {Z}opfgruppen und gleichsinnig
                  verdrilte {V}erkettungen},
  journal = 	 {Abh. Math. Semin. Hamburg Univ.},
  year = 	 1936,
  volume =	 11,
  pages =	 {171-178}
}

@book{Casson1988,
  author = {A. J. Casson and S. A. Bleiler},
  title = {Automorphisms of surfaces after {N}ielsen and {T}hurston},
  series = {London Mathematical Society Student Texts},
  volume = 9,
  publisher = {Cambridge University Press},
  address = {Cambridge},
  year = 1988,
  pages = {iv+105},
  ISBN = {0-521-34203-1},
  MRCLASS = {57N05 (32G15 57R30 58F15)},
  MRnumber = {MR964685 (89k:57025)},
  MRREVIEWER = {William Dunbar},
}

@Article{Dehornoy2008,
  author = 	 {P. Dehornoy},
  title = 	 {Efficient solutions to the braid isotopy problem},
  journal = 	 discrapplmath,
  year = 	 2008,
  volume = 	 156,
  pages = 	 {3091-3112},
  doi = 	 {10.1016/j.dam.2007.12.009}
}

@Article{Dynnikov2002,
  author = 	 {I. A. Dynnikov},
  title = 	 {On a {Yang--Baxter} map and the {D}ehornoy ordering},
  journal = 	 rms,
  year = 	 2002,
  volume =	 57,
  number =	 3,
  pages =	 {592-594}
}

@Article{Fathi1979,
  author = 	 {A. Fathi and F. Laundenbach and V. Po\'{e}naru},
  title = 	 {Travaux de {T}hurston sur les surfaces},
  journal = 	 {Ast\'{e}risque},
  year = 	 1979,
  volume =	 {66-67},
  pages =	 {1-284}
}

@Misc{HallTrain,
  author = 	 {T. Hall},
  title = 	 {\textit{Train: {A} {C++} program for computing train
                  tracks of surface homeomorphisms}},
  year = 	 2012,
  note = 	 {{\tt http://www.liv.ac.uk/maths/PURE/MIN\_SET/CONTENT/members/T\_Hall.html}}
}

@Article{Moussafir2006,
  author = 	 {J.-O. Moussafir},
  title = 	 {On Computing the Entropy of Braids},
  journal = 	 {Func. Anal. and Other Math.},
  year = 	 2006,
  volume =	 1,
  number =	 1,
  pages =	 {37-46},
  eprint = 	 {arXiv:math.DS/0603355},
  doi = 	 {10.1007/s11853-007-0004-x}
}

@Article{Paterson1991,
  author = 	 {M. S. Paterson and A. A. Razborov},
  title = 	 {The set of minimal braids is co-{NP} complete},
  journal = 	 jalgo,
  year = 	 1991,
  volume = 	 12,
  pages = 	 {393-408}
}

@Article{Puckett2012,
  author = 	 {J. G. Puckett and F. Lechenault and K. E. Daniels and
                  J.-L. Thiffeault},
  title =	 {Trajectory entanglement in dense granular materials},
  journal =	 {Journal of Statistical Mechanics: Theory and Experiment},
  volume =	 2012,
  number =	 6,
  pages = 	 {P06008},
  url = 	 {http://iopscience.iop.org/1742-5468/2012/06/P06008},
  doi =		 {10.1088/1742-5468/2012/06/P06008},
  month = 	 jun,
  year = 	 2012
}

@Article{Thurston1988,
  author = 	 {W. P. Thurston},
  title = 	 {On the geometry and dynamics of diffeomorphisms of surfaces},
  journal = 	 bullammathsoc,
  year = 	 1988,
  volume =	 19,
  pages =	 {417-431}
}

